@online{IBM,
  author = {{IBM}},
  title = {¿Qué es la orquestación de contenedores?},
  year = {s/f},
  url = {https://www.ibm.com/mx-es/topics/container-orchestration},
  note = {Recuperado el 21 de junio de 2023}
}

@online{HuaweiForum,
  author = {{Huawei Forum}},
  title = {Orquestación en servidores},
  url = {https://forum.huawei.com/enterprise/es/orquestaci%25C3%25B3n-en-servidores/thread/671615996298936320-667212884846981120},
  note = {Accedido: Agosto 2024}
}

@online{Kubernetes,
  author = {{Kubernetes}},
  title = {¿Qué es Kubernetes?},
  url = {https://kubernetes.io/es/docs/concepts/overview/what-is-kubernetes/},
  note = {Accedido: Agosto 2024}
}

@online{IntelMicroservices,
  author = {{Intel}},
  title = {Microservicios},
  url = {https://www.intel.la/content/www/xl/es/cloud-computing/microservices.html#:~:text=Los%20microservicios%20son%20m%C3%B3dulos%20ligeros%20que%20pueden%20servir%20como%20componentes,suelto%20en%20una%20interfaz%20unificada.},
  note = {Accedido: Agosto 2024}
}

@online{Auth0,
  author = {{Auth0}},
  title = {¿Qué es OAuth 2?},
  url = {https://auth0.com/es/intro-to-iam/what-is-oauth-2},
  note = {Accedido: Agosto 2024}
}

@online{12Factor,
  author = {{12Factor}},
  title = {Los 12 Factores},
  url = {https://12factor.net/es/},
  note = {Accedido: Agosto 2024}
}
