@article{mckinsey2020,
  title={The digital-led recovery from COVID-19: Five questions for CEOs},
  author={{McKinsey \& Company}},
  year={2020},
  journal={McKinsey Digital},
  url={https://www.mckinsey.com/business-functions/mckinsey-digital/our-insights/the-digital-led-recovery-from-covid-19-five-questions-for-ceos}
}

@online{AmericaEconomia,
  author = {{America Economía}},
  title = {Impulsores de la transformación digital},
  year = {s/f},
  url = {https://www.americaeconomia.com/impulsores-de-la-transformacion-digital},
  note = {Recuperado el 6 de septiembre de 2024}
}

@online{UNAMRevista,
  author = {{Facultad de Contaduría y Administración, UNAM}},
  title = {Revista FCA: Documento PDF sobre la transformación digital},
  year = {2023},
  url = {https://investigacion.fca.unam.mx/docs/revistas/2023/18.04.pdf},
  note = {Accedido: Septiembre 2024}
}
