@online{icariatechnologyCalidadSoftware,
  author = {{Icaria Technology}},
  title = {La calidad del software y sus estándares más importantes},
  year = {n.d.},
  url = {https://icariatechnology.com/la-calidad-del-software-y-sus-estandares-mas-importantes/},
  note = {Recuperado el 6 de octubre de 2024}
}

@online{saludelectronicaCalidadSoftware,
  author = {{Salud Electrónica}},
  title = {Calidad del software},
  year = {n.d.},
  url = {https://saludelectronica.com/calidad-del-software/},
  note = {Recuperado el 6 de octubre de 2024}
}

@online{quindioConfiabilidadSoftware,
  author = {{Quind.io}},
  title = {El rol de la confiabilidad del software en tus proyectos},
  year = {n.d.},
  url = {https://quind.io/blog/el-rol-de-la-confiabilidad-del-software-en-tus-proyectos/#:~:text=La%20confiabilidad%20en%20el%20software,consistente%2C%20predecible%20y%20sin%20fallos.},
  note = {Recuperado el 6 de octubre de 2024}
}

@online{sgConfiabilidadSoftware,
  author = {{Software Guru}},
  title = {Ingeniería de la confiabilidad del software},
  year = {n.d.},
  url = {https://sg.com.mx/revista/12/ingenieria-la-confiabilidad-software},
  note = {Recuperado el 6 de octubre de 2024}
}

