@online{bbvaROI,
  author = {{BBVA}},
  title = {ROI: ¿Qué es el retorno de la inversión y cuál es su fórmula?},
  year = {n.d.},
  url = {https://www.bbva.com/es/salud-financiera/roi-que-es-el-retorno-de-la-inversion-y-cual-es-su-formula/},
  note = {Recuperado el 6 de octubre de 2024}
}

@online{rdstationROI,
  author = {{RD Station}},
  title = {ROI: ¿Qué es el retorno de la inversión? Fórmula y ejemplos prácticos},
  year = {n.d.},
  url = {https://www.rdstation.com/blog/es/roi/#:~:text=El%20ROI%20es%20la%20sigla,resultado%20por%20los%20costos%20totales.},
  note = {Recuperado el 6 de octubre de 2024}
}

@online{hubspotCostoBeneficio,
  author = {{HubSpot}},
  title = {Análisis Costo-Beneficio: Qué es y cómo se hace},
  year = {n.d.},
  url = {https://blog.hubspot.es/sales/analisis-costo-beneficio},
  note = {Recuperado el 6 de octubre de 2024}
}

@online{wikipediaFactibilidad,
  author = {{Wikipedia}},
  title = {Factibilidad},
  year = {n.d.},
  url = {https://es.wikipedia.org/wiki/Factibilidad#:~:text=Factibilidad%20se%20refiere%20a%20la,se%20cuenta%20para%20su%20realizaci%C3%B3n.},
  note = {Recuperado el 6 de octubre de 2024}
}

@online{bitrixCalidadProyecto,
  author = {{Bitrix24}},
  title = {Cómo garantizar la calidad de un proyecto: 9 pasos clave para los propietarios de pequeñas empresas},
  year = {n.d.},
  url = {https://www.bitrix24.es/articles/como-garantizar-la-calidad-de-un-proyecto-9-pasos-clave-para-los-propietarios-de-pequenas-empresas.php},
  note = {Recuperado el 6 de octubre de 2024}
}

