@online{sanofiSaludDigital,
  author = {{Sanofi}},
  title = {Salud digital: beneficios para paciente y profesional},
  year = {n.d.},
  url = {https://pro.campus.sanofi/es/actualidad/articulos/salud-digital-beneficios-para-paciente-y-profesional},
  note = {Recuperado el 6 de octubre de 2024}
}

@online{iberdrolaEsalud,
  author = {{Iberdrola}},
  title = {¿Qué es la eSalud?},
  year = {n.d.},
  url = {https://www.iberdrola.com/innovacion/que-es-esalud},
  note = {Recuperado el 6 de octubre de 2024}
}

@online{spriErgonomiaDigital,
  author = {{SPRI}},
  title = {Ergonomía digital: humanizando internet},
  year = {n.d.},
  url = {https://www.spri.eus/es/teics-comunicacion/ergonomia-digital-humanizando-internet/#:~:text=%C2%BFQu%C3%A9%20es%20la%20Ergonom%C3%ADa%20Digital,trabajar%20con%20un%20sistema%20inform%C3%A1tico.},
  note = {Recuperado el 6 de octubre de 2024}
}

